@article{galle2018stochastic,
    title = {The stochastic container relocation problem},
    author = {Galle, Virgile and Manshadi, Vahideh H and Boroujeni, S Borjian and Barnhart, Cynthia and Jaillet,
 Patrick},
    journal = {Transportation Science},
    volume = {52},
    number = {5},
    pages = {1035--1058},
    year = {2018},
    publisher = {INFORMS}
}

@article{da2019reactive,
    title = {A reactive GRASP metaheuristic for the container retrieval problem to reduce craneâ€™s working time},
    author = {da Silva Firmino, Andresson and de Abreu Silva, Ricardo Martins and Times, Val{\'e}ria Ces{\'a}rio},
    journal = {Journal of Heuristics},
    volume = {25},
    pages = {141--173},
    year = {2019},
    publisher = {Springer}
}

@article{lin2015container,
    title = {The container retrieval problem with respect to relocation},
    author = {Lin, Dung-Ying and Lee, Yen-Ju and Lee, Yusin},
    journal = {Transportation Research Part C: Emerging Technologies},
    volume = {52},
    pages = {132--143},
    year = {2015},
    publisher = {Elsevier}
}

@article{bazzazi2009genetic,
    title = {A genetic algorithm to solve the storage space allocation problem in a container terminal},
    author = {Bazzazi, Mohammad and Safaei, Nima and Javadian, Nikbakhsh},
    journal = {Computers \& Industrial Engineering},
    volume = {56},
    number = {1},
    pages = {44--52},
    year = {2009},
    publisher = {Elsevier}
}

@article{gharehgozli2014decision,
    title = {A decision-tree stacking heuristic for large scale reshuffling problems at a container yard},
    author = {Gharehgozli, AH and Yu, Yugang and de Koster, R and Udding, Jan T},
    journal = {International Journal of Production Research},
    volume = {52},
    number = {9},
    pages = {2592--2611},
    year = {2014}
}

@article{goerigk2016robust,
    title = {Robust storage loading problems with stacking and payload constraints},
    author = {Goerigk, Marc and Knust, Sigrid and Le, Xuan Thanh},
    journal = {European Journal of Operational Research},
    volume = {253},
    number = {1},
    pages = {51--67},
    year = {2016},
    publisher = {Elsevier}
}

@article{guven2019modelling,
    title = {Modelling and optimisation of online container stacking with operational constraints},
    author = {G{\"u}ven, Ceyhun and T{\"u}rsel Eliiyi, Deniz},
    journal = {Maritime Policy \& Management},
    volume = {46},
    number = {2},
    pages = {201--216},
    year = {2019},
    publisher = {Taylor \& Francis}
}

@article{guerra2018heuristic,
    title = {A heuristic procedure for the outbound container space assignment problem for small and midsize maritime
 terminals},
    author = {Guerra-Olivares, Roberto and Smith, Neale R and Gonz{\'a}lez-Ram{\'\i}rez, Rosa G and
 Garc{\'\i}a-Mendoza, Ezequiel and C{\'a}rdenas-Barr{\'o}n, Leopoldo Eduardo},
    journal = {International Journal of Machine Learning and Cybernetics},
    volume = {9},
    pages = {1719--1732},
    year = {2018},
    publisher = {Springer}
}

@article{nishimura2009container,
    title = {Container storage and transshipment marine terminals},
    author = {Nishimura, Etsuko and Imai, Akio and Janssens, Gerrit K and Papadimitriou, Stratos},
    journal = {Transportation Research Part E: Logistics and Transportation Review},
    volume = {45},
    number = {5},
    pages = {771--786},
    year = {2009},
    publisher = {Elsevier}
}

@article{park2011dynamic,
    title = {Dynamic adjustment of container stacking policy in an automated container terminal},
    author = {Park, Taejin and Choe, Ri and Kim, Young Hun and Ryu, Kwang Ryel},
    journal = {International Journal of Production Economics},
    volume = {133},
    number = {1},
    pages = {385--392},
    year = {2011},
    publisher = {Elsevier}
}

@inproceedings{ries2014fuzzy,
    title = {A fuzzy logic model for the container stacking problem at container terminals},
    author = {Ries, Jana and Gonz{\'a}lez-Ram{\'\i}rez, Rosa G and Miranda, Pablo},
    booktitle = {Computational Logistics: 5th International Conference, ICCL 2014, Valparaiso, Chile, September
 24-26, 2014. Proceedings 5},
    pages = {93--111},
    year = {2014},
    organization = {Springer}
}

@article{sharma2014genetic,
    title = {Genetic algorithm and hybrid genetic algorithm for space allocation problems-a review},
    author = {Sharma, Jyoti and Shankar Singhal, Ravi},
    journal = {International Journal of Computer Applications},
    volume = {95},
    number = {4},
    pages = {33--37},
    year = {2014}
}

@article{murty2005decision,
    title = {A decision support system for operations in a container terminal},
    author = {Murty, Katta G and Liu, Jiyin and Wan, Yat-wah and Linn, Richard},
    journal = {Decision support systems},
    volume = {39},
    number = {3},
    pages = {309--332},
    year = {2005},
    publisher = {Elsevier}
}

@article{liu2010decision,
    title = {A decision support system using soft computing for modern international container transportation services},
    author = {Liu, Yanbin and Zhou, Chunguang and Guo, Dongwei and Wang, Kangping and Pang, Wei and Zhai, Yandong},
    journal = {Applied Soft Computing},
    volume = {10},
    number = {4},
    pages = {1087--1095},
    year = {2010},
    publisher = {Elsevier}
}

@article{moini2012estimating,
    title = {Estimating the determinant factors of container dwell times at seaports},
    author = {Moini, Nadereh and Boile, Maria and Theofanis, Sotiris and Laventhal, William},
    journal = {Maritime economics \& logistics},
    volume = {14},
    pages = {162--177},
    year = {2012},
    publisher = {Springer}
}

@article{legato2018decision,
    title = {A decision support system for integrated container handling in a transshipment hub},
    author = {Legato, Pasquale and Mazza, Rina Mary},
    journal = {Decision Support Systems},
    volume = {108},
    pages = {45--56},
    year = {2018},
    publisher = {Elsevier}
}

@article{kourounioti2016development,
    title = {Development of models predicting dwell time of import containers in port container terminals--an
 Artificial Neural Networks application},
    author = {Kourounioti, Ioanna and Polydoropoulou, Amalia and Tsiklidis, Christos},
    journal = {Transportation Research Procedia},
    volume = {14},
    pages = {243--252},
    year = {2016},
    publisher = {Elsevier}
}

@article{chen2012storage,
    title = {The storage location assignment problem for outbound containers in a maritime terminal},
    author = {Chen, Lu and Lu, Zhiqiang},
    journal = {International Journal of Production Economics},
    volume = {135},
    number = {1},
    pages = {73--80},
    year = {2012},
    publisher = {Elsevier}
}

@article{zhang2003storage,
    title = {Storage space allocation in container terminals},
    author = {Zhang, Chuqian and Liu, Jiyin and Wan, Yat-wah and Murty, Katta G and Linn, Richard J},
    journal = {Transportation Research Part B: Methodological},
    volume = {37},
    number = {10},
    pages = {883--903},
    year = {2003},
    publisher = {Elsevier}
}

@article{carlo2014storage,
  title={Storage yard operations in container terminals: Literature overview, trends, and research directions},
  author={Carlo, H{\'e}ctor J and Vis, Iris FA and Roodbergen, Kees Jan},
  journal={European journal of operational research},
  volume={235},
  number={2},
  pages={412--430},
  year={2014},
  publisher={Elsevier}
}

@article{van1988decision,
  title={Decision support system for container terminal planning},
  author={Van Hee, KM and Wijbrands, RJ},
  journal={European journal of operational research},
  volume={34},
  number={3},
  pages={262--272},
  year={1988},
  publisher={Elsevier}
}

@article{guohua20intelligent,
  title={An Intelligent Decision Support System for Crane Scheduling in a Container Terminal},
  author={Guohua, WAN},
  journal={Applied Artificial Intelligence},
  volume={20}
}

@article{wang2007stochastic,
  title={A stochastic beam search for the berth allocation problem},
  author={Wang, Fan and Lim, Andrew},
  journal={Decision support systems},
  volume={42},
  number={4},
  pages={2186--2196},
  year={2007},
  publisher={Elsevier}
}

@article{ursavas2014decision,
  title={A decision support system for quayside operations in a container terminal},
  author={Ursavas, Evrim},
  journal={Decision Support Systems},
  volume={59},
  pages={312--324},
  year={2014},
  publisher={Elsevier}
}

@article{dekker2007advanced,
  title={Advanced methods for container stacking},
  author={Dekker, Rommert and Voogd, Patrick and Van Asperen, Eelco},
  journal={Container Terminals and Cargo Systems: Design, Operations Management, and Logistics Control Issues},
  pages={131--154},
  year={2007},
  publisher={Springer}
}

@article{borgman2010online,
  title={Online rules for container stacking},
  author={Borgman, Bram and Van Asperen, Eelco and Dekker, Rommert},
  journal={OR spectrum},
  volume={32},
  pages={687--716},
  year={2010},
  publisher={Springer}
}

@article{van2016real,
  title={Real-time container transport planning with decision trees based on offline obtained optimal solutions},
  author={Van Riessen, Bart and Negenborn, Rudy R and Dekker, Rommert},
  journal={Decision Support Systems},
  volume={89},
  pages={1--16},
  year={2016},
  publisher={Elsevier}
}

@article{bandeira2009dss,
  title={A DSS for integrated distribution of empty and full containers},
  author={Bandeira, Denise Lindstrom and Becker, Jo{\~a}o Luiz and Borenstein, Denis},
  journal={Decision Support Systems},
  volume={47},
  number={4},
  pages={383--397},
  year={2009},
  publisher={Elsevier}
}

@article{shen1995dss,
  title={A DSS for empty container distribution planning},
  author={Shen, WS and Khoong, CM},
  journal={Decision Support Systems},
  volume={15},
  number={1},
  pages={75--82},
  year={1995},
  publisher={Elsevier}
}

@inproceedings{gaete2018novel,
  title={A novel storage space allocation policy for import containers},
  author={Gaete, Myriam and Gonz{\'a}lez-Araya, Marcela C and Gonz{\'a}lez-Ram{\'\i}rez, Rosa G and Astudillo, C{\'e}sar},
  booktitle={Operations Research and Enterprise Systems: 6th International Conference, ICORES 2017, Porto, Portugal, February 23--25, 2017, Revised Selected Papers 6},
  pages={293--316},
  year={2018},
  organization={Springer}
}

@article{maldonado2019analytics,
    title = {Analytics meets port logistics: A decision support system for container stacking operations},
    author = {Maldonado, Sebasti{\'a}n and Gonz{\'a}lez-Ram{\'\i}rez, Rosa G and Quijada, Francisca and
 Ram{\'\i}rez-Nafarrate, Adri{\'a}n},
    journal = {Decision Support Systems},
    volume = {121},
    pages = {84--93},
    year = {2019},
    publisher = {Elsevier}
}

@inproceedings{merckx2005issue,
  title={The issue of dwell time charges to optimize container terminal capacity},
  author={Merckx, Filip},
  booktitle={Proceedings IAME 2005 Annual Conference, Limassol, Cyprus, 23-25 June 2005},
  pages={CD--ROM},
  year={2005}
}

@article{rodrigue2009terminalization,
  title={The terminalization of supply chains: reassessing the role of terminals in port/hinterland logistical relationships},
  author={Rodrigue, Jean-Paul and Notteboom, Theo},
  journal={Maritime Policy \& Management},
  volume={36},
  number={2},
  pages={165--183},
  year={2009},
  publisher={Taylor \& Francis}
}

@misc{githubrepo,
  author       = {Fabio GarcÃ­a},
  title        = {Predictive Container Dwell Time Modeling for Optimized Port Yard Placement},
  year         = {2024},
  url          = {https://github.com/fgar174/UOA-fgar174_dissertaion},
  note         = {GitHub repository}
}